@article{dhamo2021efficient,
  title     = {Efficient Luminescent Solar Concentrators Based on Environmentally Friendly Cd-Free Ternary AIS/ZnS Quantum Dots},
  author    = {Dhamo, Lorena and Carulli, Francesco and Nickl, Philip and Wegner, Karl David and Hodoroaba, Vasile-Dan and W{\"u}rth, Christian and Brovelli, Sergio and Resch-Genger, Ute},
  journal   = {Advanced Optical Materials},
  volume    = {9},
  number    = {17},
  pages     = {2100587},
  year      = {2021},
  publisher = {Wiley Online Library}
}