@misc{nnapi,
    howpublished = "\url{https://developer.android.com/ndk/guides/neuralnetworks}",
    author = "Google",
    title = "Neural Networks API"
}

@misc{tfv1opt,
    howpublished = "\url{https://www.tensorflow.org/api_docs/python/tf/compat/v1/train/Optimizer}",
    author = "TensorFlow",
    title = "Optimizers"
}

@misc{tfopt,
    howpublished = "\url{https://www.tensorflow.org/api_docs/python/tf/keras/optimizers}",
    author = "TensorFlow",
    title = "Optimizers"
}

@misc{pytorchopt,
    howpublished = "\url{https://pytorch.org/docs/stable/optim.html}",
    author = "PyTorch",
    title = "Optimizers"
}

@misc{jaxopt,
    howpublished = "\url{https://jax.readthedocs.io/en/latest/jax.example_libraries.optimizers.html}",
    author = "Jax",
    title = "Optimizers"
}

@misc{paddleopt,
    howpublished = "\url{https://www.paddlepaddle.org.cn/documentation/docs/en/api/paddle/optimizer/Optimizer_en.html}",
    author = "paddlepaddle",
    title = "Optimizers"
}

@article{lu2021deepxde,
  author  = {Lu, Lu and Meng, Xuhui and Mao, Zhiping and Karniadakis, George Em},
  title   = {{DeepXDE}: A deep learning library for solving differential equations},
  journal = {SIAM Review},
  volume  = {63},
  number  = {1},
  pages   = {208-228},
  year    = {2021},
  doi     = {10.1137/19M1274067}
}